@article{chen2000,
	title={程序设计语言编译原理},
	author={陈火旺 and 刘春林 and 谭庆平 and others},
	journal={第三版). 北京: 国防工业出版社},
	year={2000}
}
@article{louden2000,
  title={冯博琴, 冯岚, 等译},
  author={Louden, Kenneth C and 编译原理及实践},
  journal={编译原理及实践. 北京: 机械工业出版社},
  year={2000}
}
@misc{appel2006,
  title={现代编译原理 C 语言描述},
  author={Appel, Andrew W},
  year={2006},
  publisher={北京: 人民邮电出版社}
}

@book{appel2004modern,
	title={Modern compiler implementation in C},
	author={Appel, Andrew W},
	year={2004},
	publisher={Cambridge university press}
}
@book{levine1992lex,
	title={Lex \& yacc},
	author={Levine, John R and Mason, Tony and Brown, Doug},
	year={1992},
	publisher={" O'Reilly Media, Inc."}
}
@misc{ansic,
	title={ANSI C grammar, http://www.quut.com/c/ANSI-C-grammar-y.html},
	author={Jutta Degener}
}
@book{johnson1975yacc,
	title={Yacc: Yet another compiler-compiler},
	author={Johnson, Stephen C},
	volume={32},
	year={1975},
	publisher={Bell Laboratories Murray Hill, NJ}
}
@misc{lesk1975lex,
	title={Lex: A lexical analyzer generator},
	author={Lesk, Michael E and Schmidt, Eric},
	year={1975},
	publisher={Bell Laboratories Murray Hill, NJ}
}